@book{hecht1997,
  title     = "Optics",
  author    = "Hecht, Eugene",
  year      = 1997,
  publisher = "Addison-Wesley"
}

@misc{Pinhole_1,
    author = {Fine Arts Center},
    title = {Pinhole Image 1},
    note = {[Online; accessed August, 2022]},
    howpublished = {https://www.facnrv.org/workshop-20210313-pinhole-camera}
}

@misc{Pinhole_2,
    author = {RBSA Gallery},
    title = {Pinhole Image 2},
    note = {[Online; accessed August, 2022]},
    howpublished = {https://www.rbsa.org.uk/post/camera-less-photography}
}

@misc{Pinhole_3,
    author = {Picture Correct},
    title = {Pinhole Image 3},
    note = {[Online; accessed August, 2022]},
    howpublished = {https://www.picturecorrect.com/11-black-white-photos-taken-with-pinhole-cameras/a}
}

@misc{Image_Processing,
    author = {Kevin Rexis Velasco (Towards Data Science)},
    title = {Image processing},
    note = {[Online; accessed August, 2022]},
    howpublished = {https://towardsdatascience.com/yolo-you-only-look-once-17f9280a47b0}
}

@misc{Conduccion_Autonoma,
    author = {Bosch},
    title = {Semantic segmentation image},
    note = {[Online; accessed August, 2022]},
    howpublished = {https://www.bosch.com/stories/computer-vision/}
}

@misc{Seguridad_CV,
    author = {Super Annotate},
    title = {Person detection image},
    note = {[Online; accessed August, 2022]},
    howpublished = {https://blog.superannotate.com/computer-vision-in-security-and-surveillance/#ai-based-surveillance-use-cases}
}

@misc{DeepFake,
    author = {Rodrigo Alonso (ABC)},
    title = {Deep Fake image},
    note = {[Online; accessed August, 2022]},
    howpublished = {https://www.abc.es/tecnologia/redes/abci-deepfake-nueva-amenaza-para-democracia-y-empresas-esta-alcance-cualquiera-202001240158_noticia.html}
}

@article{ramesh2022hierarchical,
  title={Hierarchical text-conditional image generation with clip latents},
  author={Ramesh, Aditya and Dhariwal, Prafulla and Nichol, Alex and Chu, Casey and Chen, Mark},
  journal={arXiv preprint arXiv:2204.06125},
  year={2022}
}

@article{toet2014efficient,
  title={Efficient contrast enhancement through log-power histogram modification},
  author={Toet, Alexander and Wu, Tirui},
  journal={Journal of Electronic Imaging},
  volume={23},
  number={6},
  pages={063017},
  year={2014},
  publisher={SPIE}
}

@misc{DynamicRange,
    author = {Austin James Jackson (42 West)},
    title = {Dynamic Range image},
    note = {[Online; accessed August, 2022]},
    howpublished = {https://www.adorama.com/alc/dynamic-range-photography-explained/}
}

@misc{HistogramEqualization_Graphic,
    author = {Jessie Tate (Slide Player)},
    title = {Histogram equalization image},
    note = {[Online; accessed August, 2022]},
    howpublished = {https://slideplayer.com/slide/8241295/}
}

@misc{HistogramEqualization_Brain,
    author = {Arthur COSTE (University of Utah)},
    title = {Cumulative histogram equalization image},
    note = {[Online; accessed August, 2022]},
    howpublished = {https://sci.utah.edu/~acoste/uou/Image/project1/Arthur_COSTE_Project_1_report.html}
}

@inproceedings{senthilkumaran2014study,
  title={A study on histogram equalization for MRI brain image enhancement},
  author={Senthilkumaran, N and Thimmiaraja, J},
  booktitle={Proc. of Int. Conf. on Recent Trends in Signal Processing, Image Processing and VLSI, Association of Computer Electronics and Electrical Engineers},
  year={2014}
}

@misc{Gaussian_Comparison,
    author = {jun94 (Medium)},
    title = {Gaussian kernel comparison image},
    note = {[Online; accessed August, 2022]},
    howpublished = {https://medium.com/jun94-devpblog/cv-2-gaussian-and-median-filter-separable-2d-filter-2d11ee022c66}
}

@article{prewitt1970object,
  title={Object enhancement and extraction},
  author={Prewitt, Judith MS and others},
  journal={Picture processing and Psychopictorics},
  volume={10},
  number={1},
  pages={15--19},
  year={1970},
  publisher={Academic Press New York}
}

@misc{RuidoDerivada,
    author = {Noah Snavely},
    title = {Derivative Noise image},
    note = {[Online; accessed August, 2022]},
    howpublished = {https://www.cs.cornell.edu/courses/cs6670/2011sp/lectures/lec02_filter.pdf}
}

@misc{RuidoDerivada_1,
    author = {Noah Snavely},
    title = {Noise attenuation image},
    note = {[Online; accessed August, 2022]},
    howpublished = {https://www.cs.cornell.edu/courses/cs6670/2011sp/lectures/lec02_filter.pdf}
}

@misc{DerivadaGaussiano,
    author = {Noah Snavely},
    title = {Gaussian derivative image},
    note = {[Online; accessed August, 2022]},
    howpublished = {https://www.cs.cornell.edu/courses/cs6670/2011sp/lectures/lec02_filter.pdf}
}

@article{henriques2021fractional,
  title={Fractional-order colour image processing},
  author={Henriques, Manuel and Val{\'e}rio, Duarte and Gordo, Paulo and Melicio, Rui},
  journal={Mathematics},
  volume={9},
  number={5},
  pages={457},
  year={2021},
  publisher={MDPI}
}

@misc{DosGaussiano,
    author = {Noah Snavely},
    title = {Two gaussian convolutions image},
    note = {[Online; accessed August, 2022]},
    howpublished = {https://www.cs.cornell.edu/courses/cs6670/2011sp/lectures/lec02_filter.pdf}
}

@misc{EdgeCharacterize,
    author = {Noah Snavely},
    title = {Characterizing edges image},
    note = {[Online; accessed August, 2022]},
    howpublished = {https://www.cs.cornell.edu/courses/cs6670/2011sp/lectures/lec02_filter.pdf}
}

@misc{MedianResult,
    author = {mas\_bejo (Stack Overflow)},
    title = {Median filter image},
    note = {[Online; accessed August, 2022]},
    howpublished = {https://stackoverflow.com/questions/18427031/median-filter-with-python-and-opencv}
}

@inproceedings{tomasi1998bilateral,
  title={Bilateral filtering for gray and color images},
  author={Tomasi, Carlo and Manduchi, Roberto},
  booktitle={Sixth international conference on computer vision (IEEE Cat. No. 98CH36271)},
  pages={839--846},
  year={1998},
  organization={IEEE}
}

@article{buades2006staircasing,
  title={The staircasing effect in neighborhood filters and its solution},
  author={Buades, Antoni and Coll, Bartomeu and Morel, J-M},
  journal={IEEE transactions on Image Processing},
  volume={15},
  number={6},
  pages={1499--1505},
  year={2006},
  publisher={IEEE}
}

@article{he2012guided,
  title={Guided image filtering},
  author={He, Kaiming and Sun, Jian and Tang, Xiaoou},
  journal={IEEE transactions on pattern analysis and machine intelligence},
  volume={35},
  number={6},
  pages={1397--1409},
  year={2012},
  publisher={IEEE}
}

@article{liu2018edge,
  title={Edge-preserving piecewise linear image smoothing using piecewise constant filters},
  author={Liu, Wei and Xu, Wei and Chen, Xiaogang and Huang, Xiaolin and Shen, Chunhua and Yang, Jie},
  journal={arXiv preprint arXiv:1801.06928},
  year={2018}
}

@inproceedings{zhang2014rolling,
  title={Rolling guidance filter},
  author={Zhang, Qi and Shen, Xiaoyong and Xu, Li and Jia, Jiaya},
  booktitle={European conference on computer vision},
  pages={815--830},
  year={2014},
  organization={Springer}
}

@article{canny1986computational,
  title={A computational approach to edge detection},
  author={Canny, John},
  journal={IEEE Transactions on pattern analysis and machine intelligence},
  number={6},
  pages={679--698},
  year={1986},
  publisher={Ieee}
}

@misc{Canny,
    author = {Sofiane Sahir (Towards Data Science)},
    title = {Canny edge detection results images},
    note = {[Online; accessed August, 2022]},
    howpublished = {https://towardsdatascience.com/canny-edge-detection-step-by-step-in-python-computer-vision-b49c3a2d8123}
}

@misc{CannyOpenCV,
    author = {OpenCV},
    title = {Canny edge detection scheme images},
    note = {[Online; accessed August, 2022]},
    howpublished = {https://docs.opencv.org/4.x/da/d22/tutorial_py_canny.html}
}

@misc{CVSpring,
    author = {Deva Ramanan 16-720 Computer Vision Spring 2017},
    note = {[Online; accessed August, 2022]},
    howpublished = {http://16720.courses.cs.cmu.edu/lec/correspondence_lec7.pdf}
}

@article{tarjoman2013implementation,
  title={An implementation of a CBIR system based on SVM learning scheme},
  author={Tarjoman, Mana and Fatemizadeh, Emad and Badie, Kambiz},
  journal={Journal of Medical Engineering \& Technology},
  volume={37},
  number={1},
  pages={43--47},
  year={2013},
  publisher={Taylor \& Francis}
}

@inproceedings{viswanathan2009features,
  title={Features from accelerated segment test (fast)},
  author={Viswanathan, Deepak Geetha},
  booktitle={Proceedings of the 10th workshop on image analysis for multimedia interactive services, London, UK},
  pages={6--8},
  year={2009}
}

@article{durrant2006simultaneous,
  title={Simultaneous localization and mapping: part I},
  author={Durrant-Whyte, Hugh and Bailey, Tim},
  journal={IEEE robotics \& automation magazine},
  volume={13},
  number={2},
  pages={99--110},
  year={2006},
  publisher={IEEE}
}

@misc{FastOpenCV,
    author = {OpenCV},
    title = {FAST detector images},
    note = {[Online; accessed August, 2022]},
    howpublished = {https://opencv24-python-tutorials.readthedocs.io/en/latest/py_tutorials/py_feature2d/py_fast/py_fast.html}
}

@misc{SigmaIncrement,
    author = {Nikhil Kumar (Projects Flix)},
    title = {Sigma increment image},
    note = {[Online; accessed August, 2022]},
    howpublished = {https://projectsflix.com/opencv/laplacian-blob-detector-using-python/#:~:text=Laplacian%20blob%20detector%20is%20one,in%20the%20resulting%20scale%20space.}
}

@article{lindeberg2015image,
  title={Image matching using generalized scale-space interest points},
  author={Lindeberg, Tony},
  journal={Journal of mathematical Imaging and Vision},
  volume={52},
  number={1},
  pages={3--36},
  year={2015},
  publisher={Springer}
}

@inproceedings{lindeberg2013image,
  title={Image matching using generalized scale-space interest points},
  author={Lindeberg, Tony},
  booktitle={International conference on scale space and variational methods in computer vision},
  pages={355--367},
  year={2013},
  organization={Springer}
}

@article{lowe2004distinctive,
  title={Distinctive image features from scale-invariant keypoints},
  author={Lowe, David G},
  journal={International journal of computer vision},
  volume={60},
  number={2},
  pages={91--110},
  year={2004},
  publisher={Springer}
}

@misc{SIFT_BefAft,
    author = {Geeks for Geeks},
    title = {SIFT before and after Keypoint Localization image},
    note = {[Online; accessed August, 2022]},
    howpublished = {https://www.geeksforgeeks.org/sift-interest-point-detector-using-python-opencv/}
}

@article{bay2008speeded,
  title={Speeded-up robust features (SURF)},
  author={Bay, Herbert and Ess, Andreas and Tuytelaars, Tinne and Van Gool, Luc},
  journal={Computer vision and image understanding},
  volume={110},
  number={3},
  pages={346--359},
  year={2008},
  publisher={Elsevier}
}

@misc{GaussDeri,
    author = {Technische Universität München},
    title = {Gaussian derivative images},
    note = {[Online; accessed August, 2022]},
    howpublished = {https://campar.in.tum.de/Chair/HaukeHeibelGaussianDerivatives}
}

@misc{SURFIncrement,
    author = {Deepanshu Tyagi (Medimum)},
    title = {SURF pyramid image},
    note = {[Online; accessed August, 2022]},
    howpublished = {https://medium.com/data-breach/introduction-to-surf-speeded-up-robust-features-c7396d6e7c4e}
}

@misc{BRIEFDitribution,
    author = {Deepanshu Tyagi (Medimum)},
    title = {BRIEF distribution images},
    note = {[Online; accessed August, 2022]},
    howpublished = {https://medium.com/data-breach/introduction-to-surf-speeded-up-robust-features-c7396d6e7c4e}
}

@misc{RotationInv,
    author = {Max Woolf @minimaxir (Twitter)},
    title = {Rotation invariance video},
    note = {[Online; accessed August, 2022]},
    howpublished = {https://twitter.com/minimaxir/status/1103676561809539072}
}

@misc{ScaleInv,
    author = {Minghao Ning (Towards Data Science)},
    title = {Scale invariance image},
    note = {[Online; accessed August, 2022]},
    howpublished = {https://towardsdatascience.com/sift-scale-invariant-feature-transform-c7233dc60f37}
}

@book{zhao2011face,
  title={Face Processing: Advanced modeling and methods},
  author={Zhao, Wenyi and Chellappa, Rama},
  year={2011},
  publisher={Elsevier}
}

@misc{Espectro,
    author = {Wikipedia},
    title = {Visible spectrum image},
    note = {[Online; accessed August, 2022]},
    howpublished = {https://es.wikipedia.org/wiki/Espectro_visible}
}

@phdthesis{bandara2011music,
  title={A music keyboard with gesture controlled effects based on computer vision},
  author={Bandara, AMRR},
  year={2011},
  school={Thesis, University of Sri Jayewardenepura}
}

@misc{Retina,
    author = {Opticos-Optometristas CNOO},
    title = {Retina image},
    note = {[Online; accessed August, 2022]},
    howpublished = {https://colegioopticosoptometristas.es/la-retina-conos-y-bastones/}
}

@misc{TiposCono,
    author = {Arnaldo Rodríguez (Biblogteca)},
    title = {Cones image},
    note = {[Online; accessed August, 2022]},
    howpublished = {https://biblogteca.com/tipos-de-fotorreceptores/}
}

@misc{Tritanopia,
    author = {Wikipedia},
    title = {Tritanopia spectrum image},
    note = {[Online; accessed August, 2022]},
    howpublished = {https://es.wikipedia.org/wiki/Tritanopia}
}

@misc{Espectro_Visible,
    author = {Laboratorio Óptico Foucault},
    title = {Sensible range image},
    note = {[Online; accessed August, 2022]},
    howpublished = {https://www.foucaultacerbi.com.ar/optica-de-precision/vision-del-color/}
}

@misc{Fovea,
    author = {Luis Monje},
    title = {Fovea image},
    note = {[Online; accessed August, 2022]},
    howpublished = {https://www.luismonje.com/curiosidades-del-ojo-humano-i/poblacion-conos-y-bastones/}
}

@misc{OpticalFields,
    author = {Wikipedia},
    title = {Brain hemispheres image},
    note = {[Online; accessed August, 2022]},
    howpublished = {https://commons.wikimedia.org/wiki/File:1420_Optical_Fields_esp.jpg}
}

@article{hubel1959receptive,
  title={Receptive fields of single neurones in the cat's striate cortex},
  author={Hubel, David H and Wiesel, Torsten N},
  journal={The Journal of physiology},
  volume={148},
  number={3},
  pages={574},
  year={1959},
  publisher={Wiley-Blackwell}
}

@book{berga2019understanding,
  title={Understanding eye movements: psychophysics and a model of primary visual cortex},
  author={Berga Garreta, David},
  year={2019}
}

@article{arcaro2017seeing,
  title={Seeing faces is necessary for face-domain formation},
  author={Arcaro, Michael J and Schade, Peter F and Vincent, Justin L and Ponce, Carlos R and Livingstone, Margaret S},
  journal={Nature neuroscience},
  volume={20},
  number={10},
  pages={1404--1412},
  year={2017},
  publisher={Nature Publishing Group}
}

@misc{Ilusion,
    author = {Wikipedia},
    title = {Optical ilusion image},
    note = {[Online; accessed August, 2022]},
    howpublished = {https://es.wikipedia.org/wiki/Visi%C3%B3n}
}

@article{lurig2021computer,
  title={Computer vision, machine learning, and the promise of phenomics in ecology and evolutionary biology},
  author={L{\"u}rig, Moritz D and Donoughe, Seth and Svensson, Erik I and Porto, Arthur and Tsuboi, Masahito},
  journal={Frontiers in Ecology and Evolution},
  volume={9},
  pages={642774},
  year={2021},
  publisher={Frontiers Media SA}
}

@inproceedings{nain2021safety,
  title={Safety and compliance management system using computer vision and deep learning},
  author={Nain, Megha and Sharma, Shilpa and Chaurasia, Sandeep},
  booktitle={IOP Conference Series: Materials Science and Engineering},
  volume={1099},
  number={1},
  pages={012013},
  year={2021},
  organization={IOP Publishing}
}

@inproceedings{redmon2016you,
  title={You only look once: Unified, real-time object detection},
  author={Redmon, Joseph and Divvala, Santosh and Girshick, Ross and Farhadi, Ali},
  booktitle={Proceedings of the IEEE conference on computer vision and pattern recognition},
  pages={779--788},
  year={2016}
}

@inproceedings{kirillov2020pointrend,
  title={Pointrend: Image segmentation as rendering},
  author={Kirillov, Alexander and Wu, Yuxin and He, Kaiming and Girshick, Ross},
  booktitle={Proceedings of the IEEE/CVF conference on computer vision and pattern recognition},
  pages={9799--9808},
  year={2020}
}

@inproceedings{karras2019style,
  title={A style-based generator architecture for generative adversarial networks},
  author={Karras, Tero and Laine, Samuli and Aila, Timo},
  booktitle={Proceedings of the IEEE/CVF conference on computer vision and pattern recognition},
  pages={4401--4410},
  year={2019}
}

@article{karras2021alias,
  title={Alias-free generative adversarial networks},
  author={Karras, Tero and Aittala, Miika and Laine, Samuli and H{\"a}rk{\"o}nen, Erik and Hellsten, Janne and Lehtinen, Jaakko and Aila, Timo},
  journal={Advances in Neural Information Processing Systems},
  volume={34},
  pages={852--863},
  year={2021}
}

@inproceedings{zhu2017unpaired,
  title={Unpaired image-to-image translation using cycle-consistent adversarial networks},
  author={Zhu, Jun-Yan and Park, Taesung and Isola, Phillip and Efros, Alexei A},
  booktitle={Proceedings of the IEEE international conference on computer vision},
  pages={2223--2232},
  year={2017}
}

@inproceedings{xu2018attngan,
  title={Attngan: Fine-grained text to image generation with attentional generative adversarial networks},
  author={Xu, Tao and Zhang, Pengchuan and Huang, Qiuyuan and Zhang, Han and Gan, Zhe and Huang, Xiaolei and He, Xiaodong},
  booktitle={Proceedings of the IEEE conference on computer vision and pattern recognition},
  pages={1316--1324},
  year={2018}
}

@article{ho2022cascaded,
  title={Cascaded Diffusion Models for High Fidelity Image Generation.},
  author={Ho, Jonathan and Saharia, Chitwan and Chan, William and Fleet, David J and Norouzi, Mohammad and Salimans, Tim},
  journal={J. Mach. Learn. Res.},
  volume={23},
  pages={47--1},
  year={2022}
}

@inproceedings{park2019semantic,
  title={Semantic image synthesis with spatially-adaptive normalization},
  author={Park, Taesung and Liu, Ming-Yu and Wang, Ting-Chun and Zhu, Jun-Yan},
  booktitle={Proceedings of the IEEE/CVF conference on computer vision and pattern recognition},
  pages={2337--2346},
  year={2019}
}

@misc{IR_Filter,
    author = {Association for Advancing Automation},
    title = {Infrarred filter image},
    note = {[Online; accessed August, 2022]},
    howpublished = {https://www.automate.org/news/new-ir-block-visible-transmitting-optical-filters-from-midopt}
}

@misc{Bayer_Spectrum,
    author = {IR-Photo},
    title = {Bayer spectrum image},
    note = {[Online; accessed August, 2022]},
    howpublished = {https://www.ir-photo.net/ir_imaging.htmlt}
}

@misc{Aperture_Image,
    author = {Javier Somoza},
    title = {Aperture image},
    note = {[Online; accessed August, 2022]},
    howpublished = {https://www.javiersomoza.com/blog/apertura-de-diafragma/}
}

@misc{FOV_Image,
    author = {James Gilmore},
    title = {Field of view image},
    note = {[Online; accessed August, 2022]},
    howpublished = {https://www.jamesgilmore.net/equivalent-focal-length-and-field-of-view/}
}

@misc{Calibration,
    author = {Open CV},
    title = {Calibration image},
    note = {[Online; accessed August, 2022]},
    howpublished = {https://docs.opencv.org/4.x/dc/dbb/tutorial_py_calibration.html}
}

@misc{NLP,
    author = {Ilia Iorin (MoviDev)},
    title = {\gls{nlp} image},
    note = {[Online; accessed August, 2022]},
    howpublished = {https://mobidev.biz/wp-content/uploads/2019/12/nlp-task-named-entity-recognition.png}
}

@misc{NLP_Revenue,
    author = {Ilia Iorin (MoviDev)},
    title = {\gls{nlp} revenues image},
    note = {[Online; accessed August, 2022]},
    howpublished = {https://mobidev.biz/wp-content/uploads/2019/12/nlp-task-named-entity-recognition.png}
}

@misc{Autonomous_Driving,
    author = {UFRJ Nautilus},
    title = {Autonomous driving image},
    note = {[Online; accessed August, 2022]},
    howpublished = {https://www.ufrjnautilus.com/post/vis%C3%A3o-computacional-e-carros-aut%C3%B4nomos}
}

@article{guo2020application,
  title={Application of deep learning in ecological resource research: Theories, methods, and challenges},
  author={Guo, Qinghua and Jin, Shichao and Li, Min and Yang, Qiuli and Xu, Kexin and Ju, Yuanzhen and Zhang, Jing and Xuan, Jing and Liu, Jin and Su, Yanjun and others},
  journal={Science China Earth Sciences},
  volume={63},
  number={10},
  pages={1457--1474},
  year={2020},
  publisher={Springer}
}

@article{feng2019computer,
  title={Computer vision algorithms and hardware implementations: A survey},
  author={Feng, Xin and Jiang, Youni and Yang, Xuejiao and Du, Ming and Li, Xin},
  journal={Integration},
  volume={69},
  pages={309--320},
  year={2019},
  publisher={Elsevier}
}

@article{badrinarayanan2015segnet,
  title={Segnet: A deep convolutional encoder-decoder architecture for robust semantic pixel-wise labelling},
  author={Badrinarayanan, Vijay and Handa, Ankur and Cipolla, Roberto},
  journal={arXiv preprint arXiv:1505.07293},
  year={2015}
}

@misc{GoogleLens,
    author = {Xataka Android},
    title = {Google lens image},
    note = {[Online; accessed August, 2022]},
    howpublished = {https://www.xatakandroid.com/tutoriales/como-analizar-fotos-tu-galeria-google-lens}
}

@misc{Neurona,
    author = {Dr. C. George Boeree (Translated by Nacho Madrid)},
    title = {Neuron image},
    note = {[Online; accessed August, 2022]},
    howpublished = {http://webspace.ship.edu/cgboer/genesp/neuronas.html}
}

@misc{NeuronaRed,
    author = {Héctor Rodríguez (National Geographic España)},
    title = {Neuron network image},
    note = {[Online; accessed August, 2022]},
    howpublished = {https://www.nationalgeographic.com.es/ciencia/celulas-madre-primeros-pasos-para-tratamiento-contra-parkinson_15935}
}

@misc{ProteinFolding,
    author = {amananandrai (Dev)},
    title = {Proteing folding image},
    note = {[Online; accessed August, 2022]},
    howpublished = {https://dev.to/amananandrai/deepmind-makes-alphafold-to-solve-a-50-year-old-biology-problem-2nik}
}

@misc{Alphafold2,
    author = {Deep Mind},
    title = {Alphafold table image},
    note = {[Online; accessed August, 2022]},
    howpublished = {https://www.deepmind.com/blog/alphafold-using-ai-for-scientific-discovery-2020}
}

@article{mcculloch1943logical,
  title={A logical calculus of the ideas immanent in nervous activity},
  author={McCulloch, Warren S and Pitts, Walter},
  journal={The bulletin of mathematical biophysics},
  volume={5},
  number={4},
  pages={115--133},
  year={1943},
  publisher={Springer}
}

@misc{Activations,
    author = {Data Science Interview Preparation},
    title = {Activation functions image},
    note = {[Online; accessed August, 2022]},
    howpublished = {https://www.datasciencepreparation.com/blog/articles/what-is-an-activation-function-what-are-commonly-used-activation-functions/}
}

@misc{BiasVariance_1,
    author = {The Machine Learners},
    title = {Bias variance tradeoff image},
    note = {[Online; accessed August, 2022]},
    howpublished = {https://www.themachinelearners.com/tradeoff-bias-variance/}
}

@misc{BiasVariance,
    author = {endtoend.ai},
    title = {Bias variance tradeoff image},
    note = {[Online; accessed August, 2022]},
    howpublished = {https://www.endtoend.ai/blog/bias-variance-tradeoff-in-reinforcement-learning/}
}

@misc{GradienVanishing,
    author = {Jason Brownlee (Machine Learning Mastery)},
    title = {Gradient vanishing image},
    note = {[Online; accessed August, 2022]},
    howpublished = {https://machinelearningmastery.com/how-to-fix-vanishing-gradients-using-the-rectified-linear-activation-function/}
}

@misc{GradienExplosion,
    author = {acrosson (GitHub)},
    title = {Gradient explosion image},
    note = {[Online; accessed August, 2022]},
    howpublished = {https://github.com/NVIDIA/waveglow/issues/122}
}

@misc{Cortex,
    author = {Michael H. Herzog and Aaron M. Clarke (frontiers)},
    title = {Cortex image},
    note = {[Online; accessed August, 2022]},
    howpublished = {https://www.frontiersin.org/articles/10.3389/fncom.2014.00135/full}
}

@article{siddiqui2018automatic,
  title={Automatic fish species classification in underwater videos: exploiting pre-trained deep neural network models to compensate for limited labelled data},
  author={Siddiqui, Shoaib Ahmed and Salman, Ahmad and Malik, Muhammad Imran and Shafait, Faisal and Mian, Ajmal and Shortis, Mark R and Harvey, Euan S},
  journal={ICES Journal of Marine Science},
  volume={75},
  number={1},
  pages={374--389},
  year={2018},
  publisher={Oxford University Press}
}

@misc{ConvHierarchy,
    author = {Kathrin Melcher (Medium)},
    title = {Convolutional hierarchy image},
    note = {[Online; accessed August, 2022]},
    howpublished = {https://medium.com/low-code-for-advanced-data-science/introduction-to-convolutional-neural-networks-and-computer-vision-72b2d85dd1c0}
}

@inproceedings{ioffe2015batch,
  title={Batch normalization: Accelerating deep network training by reducing internal covariate shift},
  author={Ioffe, Sergey and Szegedy, Christian},
  booktitle={International conference on machine learning},
  pages={448--456},
  year={2015},
  organization={PMLR}
}

@article{iglesias2023data,
  title={Data Augmentation techniques in time series domain: a survey and taxonomy},
  author={Iglesias, Guillermo and Talavera, Edgar and Gonz{\'a}lez-Prieto, {\'A}ngel and Mozo, Alberto and G{\'o}mez-Canaval, Sandra},
  journal={Neural Computing and Applications},
  volume={35},
  number={14},
  pages={10123--10145},
  year={2023},
  publisher={Springer}
}

@misc{CNNEvolution,
    author = {Opengenus},
    title = {ILSVRC results image},
    note = {[Online; accessed September, 2022]},
    howpublished = {https://iq.opengenus.org/evolution-of-cnn-architectures/}
}

@article{khan2020survey,
  title={A survey of the recent architectures of deep convolutional neural networks},
  author={Khan, Asifullah and Sohail, Anabia and Zahoora, Umme and Qureshi, Aqsa Saeed},
  journal={Artificial intelligence review},
  volume={53},
  number={8},
  pages={5455--5516},
  year={2020},
  publisher={Springer}
}

@article{lecun1998gradient,
  title={Gradient-based learning applied to document recognition},
  author={LeCun, Yann and Bottou, L{\'e}on and Bengio, Yoshua and Haffner, Patrick},
  journal={Proceedings of the IEEE},
  volume={86},
  number={11},
  pages={2278--2324},
  year={1998},
  publisher={Ieee}
}

@misc{LeNet,
    author = {Shipra Saxena (Analytics Vidhya)},
    title = {LeNet image},
    note = {[Online; accessed September, 2022]},
    howpublished = {https://www.analyticsvidhya.com/blog/2021/03/the-architecture-of-lenet-5/}
}

@article{krizhevsky2017imagenet,
  title={Imagenet classification with deep convolutional neural networks},
  author={Krizhevsky, Alex and Sutskever, Ilya and Hinton, Geoffrey E},
  journal={Communications of the ACM},
  volume={60},
  number={6},
  pages={84--90},
  year={2017},
  publisher={AcM New York, NY, USA}
}

@misc{AlexNet,
    author = {Aqeel Anwar (Towards Data Science)},
    title = {AlexNet image},
    note = {[Online; accessed September, 2022]},
    howpublished = {https://towardsdatascience.com/the-w3h-of-alexnet-vggnet-resnet-and-inception-7baaaecccc96}
}

@article{simonyan2014very,
  title={Very deep convolutional networks for large-scale image recognition},
  author={Simonyan, Karen and Zisserman, Andrew},
  journal={arXiv preprint arXiv:1409.1556},
  year={2014}
}

@misc{VGG16,
    author = {user40847 (StackExchange)},
    title = {VGG16 image},
    note = {[Online; accessed September, 2022]},
    howpublished = {https://ai.stackexchange.com/questions/35289/what-is-the-time-complexity-of-deep-vgg-16-net}
}

@inproceedings{szegedy2015going,
  title={Going deeper with convolutions},
  author={Szegedy, Christian and Liu, Wei and Jia, Yangqing and Sermanet, Pierre and Reed, Scott and Anguelov, Dragomir and Erhan, Dumitru and Vanhoucke, Vincent and Rabinovich, Andrew},
  booktitle={Proceedings of the IEEE conference on computer vision and pattern recognition},
  pages={1--9},
  year={2015}
}

@inproceedings{he2016deep,
  title={Deep residual learning for image recognition},
  author={He, Kaiming and Zhang, Xiangyu and Ren, Shaoqing and Sun, Jian},
  booktitle={Proceedings of the IEEE conference on computer vision and pattern recognition},
  pages={770--778},
  year={2016}
}

@article{brown2020language,
  title={Language models are few-shot learners},
  author={Brown, Tom and Mann, Benjamin and Ryder, Nick and Subbiah, Melanie and Kaplan, Jared D and Dhariwal, Prafulla and Neelakantan, Arvind and Shyam, Pranav and Sastry, Girish and Askell, Amanda and others},
  journal={Advances in neural information processing systems},
  volume={33},
  pages={1877--1901},
  year={2020}
}

@misc{GPT3,
    author = {Exxact},
    title = {GPT-3 size image},
    note = {[Online; accessed September, 2022]},
    howpublished = {https://www.exxactcorp.com/blog/Deep-Learning/what-can-you-do-with-the-openai-gpt-3-language-model}
}

@misc{ResNetComparison,
    author = {Geeks for Geeks},
    title = {Comparison between ResNet and VGG image},
    note = {[Online; accessed September, 2022]},
    howpublished = {https://www.geeksforgeeks.org/residual-networks-resnet-deep-learning/}
}

@inproceedings{xie2017aggregated,
  title={Aggregated residual transformations for deep neural networks},
  author={Xie, Saining and Girshick, Ross and Doll{\'a}r, Piotr and Tu, Zhuowen and He, Kaiming},
  booktitle={Proceedings of the IEEE conference on computer vision and pattern recognition},
  pages={1492--1500},
  year={2017}
}

@inproceedings{huang2017densely,
  title={Densely connected convolutional networks},
  author={Huang, Gao and Liu, Zhuang and Van Der Maaten, Laurens and Weinberger, Kilian Q},
  booktitle={Proceedings of the IEEE conference on computer vision and pattern recognition},
  pages={4700--4708},
  year={2017}
}

@misc{InstanceSeg,
    author = {John Wilson (AI Pool)},
    title = {Instance segmentation image},
    note = {[Online; accessed September, 2022]},
    howpublished = {https://ai-pool.com/d/could-you-explain-me-how-instance-segmentation-works}
}

@misc{SemanticSeg,
    author = {John Wilson (AI Pool)},
    title = {Semantic segmentation image},
    note = {[Online; accessed September, 2022]},
    howpublished = {https://ai-pool.com/d/could-you-explain-me-how-instance-segmentation-works}
}

@misc{ObjectDet,
    author = {John Wilson (AI Pool)},
    title = {Object detection image},
    note = {[Online; accessed September, 2022]},
    howpublished = {https://ai-pool.com/d/could-you-explain-me-how-instance-segmentation-works}
}

@inproceedings{long2015fully,
  title={Fully convolutional networks for semantic segmentation},
  author={Long, Jonathan and Shelhamer, Evan and Darrell, Trevor},
  booktitle={Proceedings of the IEEE conference on computer vision and pattern recognition},
  pages={3431--3440},
  year={2015}
}

@article{badrinarayanan2017segnet,
  title={Segnet: A deep convolutional encoder-decoder architecture for image segmentation},
  author={Badrinarayanan, Vijay and Kendall, Alex and Cipolla, Roberto},
  journal={IEEE transactions on pattern analysis and machine intelligence},
  volume={39},
  number={12},
  pages={2481--2495},
  year={2017},
  publisher={IEEE}
}

@inproceedings{ronneberger2015u,
  title={U-net: Convolutional networks for biomedical image segmentation},
  author={Ronneberger, Olaf and Fischer, Philipp and Brox, Thomas},
  booktitle={International Conference on Medical image computing and computer-assisted intervention},
  pages={234--241},
  year={2015},
  organization={Springer}
}

@misc{ClaLocal,
    author = {Ravindra Parmar (Towards Data Science)},
    title = {Clasification and localization image},
    note = {[Online; accessed September, 2022]},
    howpublished = {https://towardsdatascience.com/detection-and-segmentation-through-convnets-47aa42de27ea}
}

@article{ren2015faster,
  title={Faster r-cnn: Towards real-time object detection with region proposal networks},
  author={Ren, Shaoqing and He, Kaiming and Girshick, Ross and Sun, Jian},
  journal={Advances in neural information processing systems},
  volume={28},
  year={2015}
}

@misc{YOLOWorkflow,
    author = {Sik-Ho Tsang (Towards Data Science)},
    title = {YOLO workflow image},
    note = {[Online; accessed September, 2022]},
    howpublished = {https://towardsdatascience.com/yolov1-you-only-look-once-object-detection-e1f3ffec8a89}
}

@misc{YOLOFinal,
    author = {Sik-Ho Tsang (Towards Data Science)},
    title = {YOLO final layer image},
    note = {[Online; accessed September, 2022]},
    howpublished = {https://towardsdatascience.com/yolov1-you-only-look-once-object-detection-e1f3ffec8a89}
}

@misc{YOLOResults,
    author = {Gilbert Tanner},
    title = {YOLO non-maximum suppresion image},
    note = {[Online; accessed September, 2022]},
    howpublished = {https://gilberttanner.com/blog/yolo-object-detection-introduction/}
}

@article{wehrli2022bias,
  title={Bias, awareness, and ignorance in deep-learning-based face recognition},
  author={Wehrli, Samuel and Hertweck, Corinna and Amirian, Mohammadreza and Gl{\"u}ge, Stefan and Stadelmann, Thilo},
  journal={AI and Ethics},
  volume={2},
  number={3},
  pages={509--522},
  year={2022},
  publisher={Springer}
}

@misc{TransferLearningResults,
    author = {Tensorflow},
    title = {Transfer learning results image},
    note = {[Online; accessed September, 2022]},
    howpublished = {https://www.tensorflow.org/tutorials/images/transfer_learning}
}

@article{hornik1989multilayer,
  title={Multilayer feedforward networks are universal approximators},
  author={Hornik, Kurt and Stinchcombe, Maxwell and White, Halbert},
  journal={Neural networks},
  volume={2},
  number={5},
  pages={359--366},
  year={1989},
  publisher={Elsevier}
}

@article{sun2018fishnet,
  title={Fishnet: A versatile backbone for image, region, and pixel level prediction},
  author={Sun, Shuyang and Pang, Jiangmiao and Shi, Jianping and Yi, Shuai and Ouyang, Wanli},
  journal={Advances in neural information processing systems},
  volume={31},
  year={2018}
}

@misc{MaxPoolingvsStrides,
    author = {itdxer (StackExchange)},
    title = {Strides vs MaxPooling debate},
    note = {[Online; accessed September, 2023]},
    howpublished = {https://stats.stackexchange.com/questions/387482/pooling-vs-stride-for-downsampling}
}

@misc{ConductCode,
    author = {Texto derivado de confcodeofconduct.com, traducido y adaptado por Alberto Díaz},
    title = {Código de conducta},
    howpublished = {confcodeofconduct.com}
}

@article{bieder2021comparison,
  title={Comparison of methods generalizing max-and average-pooling},
  author={Bieder, Florentin and Sandk{\"u}hler, Robin and Cattin, Philippe C},
  journal={arXiv preprint arXiv:2103.01746},
  year={2021}
}

@article{dosovitskiy2020image,
  title={An image is worth 16x16 words: Transformers for image recognition at scale},
  author={Dosovitskiy, Alexey and Beyer, Lucas and Kolesnikov, Alexander and Weissenborn, Dirk and Zhai, Xiaohua and Unterthiner, Thomas and Dehghani, Mostafa and Minderer, Matthias and Heigold, Georg and Gelly, Sylvain and others},
  journal={arXiv preprint arXiv:2010.11929},
  year={2020}
}

@inproceedings{yuan2021tokens,
  title={Tokens-to-token vit: Training vision transformers from scratch on imagenet},
  author={Yuan, Li and Chen, Yunpeng and Wang, Tao and Yu, Weihao and Shi, Yujun and Jiang, Zi-Hang and Tay, Francis EH and Feng, Jiashi and Yan, Shuicheng},
  booktitle={Proceedings of the IEEE/CVF international conference on computer vision},
  pages={558--567},
  year={2021}
}

@inproceedings{hatamizadeh2024diffit,
  title={Diffit: Diffusion vision transformers for image generation},
  author={Hatamizadeh, Ali and Song, Jiaming and Liu, Guilin and Kautz, Jan and Vahdat, Arash},
  booktitle={European Conference on Computer Vision},
  pages={37--55},
  year={2024},
  organization={Springer}
}